@inproceedings{JosephJ.LaViolaJr2007,
author = {LaViola, Joseph J. and Igarashi, Takeo and  Alvarado, Christine and Lipson, Hod},
booktitle = {SIGGRAPH Course Notes},
title = {Sketch-based interfaces: techniques and applications},
year = {2007}
}
@inproceedings{KaiXu2014,
author = {Xu, Kai and Guibas, Leonidas and Efros, Alexei and Hu, Shimin and Shamir, Ariel and Chaudhuri, Siddhartha and Zhu, Jun-Yan},
booktitle = {SIGGRAPH Asia 2014 Courses},
title = {{Data-Driven Visual Computing}},
year = {2014}
}
@article{Shn06,
   author = {Shneiderman, Ben and Fischer, Gerhard and Czerwinski, Mary and Resnick, Mitch and Myers, Brad and Candy, Linda and Edmonds, Ernest and Eisenberg, Mike and Giaccardi, Elisa and Hewett, Tom and others},
   title = {Creativity Support Tools: Report From a {U.S. National Science Foundation} Sponsored Workshop},
   journal = {Int. J. HCI},
   volume = {20},
   number = {2},
   pages = {61--77},
   year = {2006}
}
@article{KunXu2013,
author = {Kun Xu and Kang Chen and Hongbo Fu and Wei-Lun Sun and Shi-Min Hu},
journal = {ACM TOG},
keywords = {XuCheFuSunHu13},
mendeley-tags = {XuCheFuSunHu13},
number = {4},
title = {{Sketch2Scene}: sketch-based co-retrieval and co-placement of {3D} models},
volume = {32},
year = {2013}
}

@article{TalGibYanHanKol09,
   author = {Jerry O. Talton and Daniel Gibson and Lingfeng Yang and Pat Hanrahan and Vladlen Koltun},
   title = {Exploratory modeling with collaborative design spaces},
   journal = {ACM TOG},
   volume = {28},
   number = {5},
   year = {2009}
}

@article{EitRicBouHilAle12,
   author = {Mathias Eitz and Ronald Richter and Tamy Boubekeur and Kristian Hildebrand and Marc Alexa},
   title = {Sketch-Based Shape Retrieval},
   journal = {ACM TOG},
   volume = {31},
   number = {4},
   year = {2012}
}
@article{Shao:2012:IAS:2366145.2366155,
 author = {Shao, Tianjia and Xu, Weiwei and Zhou, Kun and Wang, Jingdong and Li, Dongping and Guo, Baining},
 title = {An Interactive Approach to Semantic Modeling of Indoor Scenes with an RGBD Camera},
 journal = {ACM TOG},
 issue_date = {November 2012},
 volume = {31},
 number = {6},
 month = nov,
 year = {2012},
 issn = {0730-0301},
 pages = {136:1--136:11},
 articleno = {136},
 numpages = {11},
 acmid = {2366155},
 publisher = {ACM},
 address = {New York, NY, USA},
 keywords = {depth images, indoor scene, labeling, random regress forest, segmentation},
}
@article{fibermeshigarashitog2007,
 author = {Nealen, Andrew and Igarashi, Takeo and Sorkine, Olga and Alexa, Marc},
 title = {{FiberMesh}: Designing Freeform Surfaces with {3D} Curves},
 journal = {ACM TOG},
 volume = {26},
 number = {3},
 year = {2007},
}
@INPROCEEDINGS{integratedapproachzhangaccv2002,
    author = {Dengsheng Zhang and Guojun Lu},
    title = {An Integrated Approach to Shape Based Image Retrieval},
    booktitle = {Proc. of 5th Asian Conference on Computer Vision (ACCV},
    year = {2002},
    pages = {652--657}
}
@article{bmeshjizhongpingliuligangpg2010,
    title = {B-Mesh: A Modeling System for Base Meshes of 3D Articulated Shapes},
    author = {Zhongping Ji and Ligang Liu and Yigang Wang},
    journal = {Comp. Graph. For.},
    volume = {29},
    number = {7},
    pages = {2169-2178},
    year = {2010}
}
@ARTICLE{whatenergyfunctionskolmogorovpami2004,
author={Kolmogorov, V. and Zabin, R.},
journal={TPAMI},
title={What energy functions can be minimized via graph cuts?},
year={2004},
month={Feb},
volume={26},
number={2},
pages={147-159},
ISSN={0162-8828},
}
@article{asearchenginefunkhousertog2003,
 author = {Funkhouser, Thomas and Min, Patrick and Kazhdan, Michael and Chen, Joyce and Halderman, Alex and Dobkin, David and Jacobs, David},
 title = {A Search Engine for 3D Models},
 journal = {ACM TOG},
 volume = {22},
 number = {1},
 year = {2003},
 pages = {83--105},
}
@article{suggestivecontoursrusinkiewicztog2003,
 author = {DeCarlo, Doug and Finkelstein, Adam and Rusinkiewicz, Szymon and Santella, Anthony},
 title = {Suggestive Contours for Conveying Shape},
 journal = {ACM TOG},
 volume = {22},
 number = {3},
 year = {2003},
 pages = {848--855},
}
@Article{matplotlibhuntercomputinginse2007,
  Author    = {Hunter, J. D.},
  Title     = {Matplotlib: A {2D} graphics environment},
  Journal   = {Computing in Sci. \& Engg.},
  Volume    = {9},
  Number    = {3},
  Pages     = {90--95},
  year      = 2007
}
@article {electorsvotingdaicoheneg2010,
author = {Kin-Chung Au, Oscar and Tai, Chiew-Lan and Cohen-Or, Daniel and Zheng, Youyi and Fu, Hongbo},
title = {Electors Voting for Fast Automatic Shape Correspondence},
journal = {Comp. Graph. For.},
volume = {29},
number = {2},
publisher = {Blackwell Publishing Ltd},
issn = {1467-8659},
pages = {645--654},
year = {2010},
}
@article{coupledstructurefrommotionniloytog2014,
 author = {Ceylan, Duygu and Mitra, Niloy J. and Zheng, Youyi and Pauly, Mark},
 title = {Coupled Structure-from-motion and 3D Symmetry Detection for Urban Facades},
 journal = {ACM TOG},
 issue_date = {January 2014},
 volume = {33},
 number = {1},
 month = feb,
 year = {2014},
 issn = {0730-0301},
 pages = {2:1--2:15},
 articleno = {2},
 numpages = {15},
 acmid = {2517348},
 publisher = {ACM},
 address = {New York, NY, USA},
}
@article{organizingheterogeneousxukaitog2014,
 author = {Xu, Kai and Ma, Rui and Zhang, Hao and Zhu, Chenyang and Shamir, Ariel and Cohen-Or, Daniel and Huang, Hui},
 title = {Organizing Heterogeneous Scene Collections Through Contextual Focal Points},
 journal = {ACM TOG},
 issue_date = {July 2014},
 volume = {33},
 number = {4},
 month = jul,
 year = {2014},
 issn = {0730-0301},
 pages = {35:1--35:12},
 articleno = {35},
 numpages = {12},
 acmid = {2601109},
 publisher = {ACM},
 address = {New York, NY, USA},
}
@article{Wang:2013:CPO:2508363.2508382,
 author = {Wang, Weiming and Wang, Tuanfeng Y. and Yang, Zhouwang and Liu, Ligang and Tong, Xin and Tong, Weihua and Deng, Jiansong and Chen, Falai and Liu, Xiuping},
 title = {Cost-effective Printing of 3D Objects with Skin-frame Structures},
 journal = {ACM TOG},
 issue_date = {November 2013},
 volume = {32},
 number = {6},
 month = nov,
 year = {2013},
 issn = {0730-0301},
 pages = {177:1--177:10},
 articleno = {177},
 numpages = {10},
 acmid = {2508382},
 publisher = {ACM},
 address = {New York, NY, USA},
 keywords = {3D printing, fabrication, frame structure, sparsity optimization},
}
@article{makeitstandolgasg2013,
 author = {Pr{\'e}vost, Romain and Whiting, Emily and Lefebvre, Sylvain and Sorkine-Hornung, Olga},
 title = {Make It Stand: Balancing Shapes for 3D Fabrication},
 journal = {ACM TOG},
 issue_date = {July 2013},
 volume = {32},
 number = {4},
 month = jul,
 year = {2013},
 issn = {0730-0301},
 pages = {81:1--81:10},
 articleno = {81},
 numpages = {10},
 acmid = {2461957},
 publisher = {ACM},
 address = {New York, NY, USA},
}
@article{skeletonmeshcorepresentationsinghtog2014,
Title = {Interactive Shape Modeling using a Skeleton-Mesh Co-Representation},
Author = {J. A. B{\ae}rentzen and R. Abdrashitov and K. Singh},
Journal = {ACM TOG},
Number = {4},
Volume = {33},
Year = {2014}}
@article{Luo:2012:CPM:2366145.2366148,
 author = {Luo, Linjie and Baran, Ilya and Rusinkiewicz, Szymon and Matusik, Wojciech},
 title = {Chopper: Partitioning Models into 3D-printable Parts},
 journal = {ACM TOG},
 issue_date = {November 2012},
 volume = {31},
 number = {6},
 month = nov,
 year = {2012},
 issn = {0730-0301},
 pages = {129:1--129:9},
 articleno = {129},
 numpages = {9},
 acmid = {2366148},
 publisher = {ACM},
 address = {New York, NY, USA},
 keywords = {3D printing, mesh segmentation and decomposition},
}
@article {quadmeshmarcocgf2013,
author = {Bommes, David and L¨¦vy, Bruno and Pietroni, Nico and Puppo, Enrico and Silva, Claudio and Tarini, Marco and Zorin, Denis},
title = {Quad-Mesh Generation and Processing: A Survey},
journal = {Comp. Graph. For.},
volume = {32},
number = {6},
issn = {1467-8659},
pages = {51--76},
year = {2013},
}
@article{convertingskeletalmisztalcg2012,
title = "Converting skeletal structures to quad dominant meshes ",
journal = "Computers \& Graphics ",
volume = "36",
number = "5",
pages = "555 - 561",
year = "2012",
note = "Shape Modeling International (SMI) Conference 2012 ",
issn = "0097-8493",
author = "J.A. B\'{a}rentzen and M.K. Misztal and K. We\'{l}nicka",
}
@article{spheremeshesjeanmarctog2013,
 author = {Thiery, Jean-Marc and Guy, \'{E}milie and Boubekeur, Tamy},
 title = {Sphere-Meshes: Shape Approximation Using Spherical Quadric Error Metrics},
 journal = {ACM TOG},
 issue_date = {November 2013},
 volume = {32},
 number = {6},
 month = nov,
 year = {2013},
 issn = {0730-0301},
 pages = {178:1--178:12},
 articleno = {178},
 numpages = {12},
 acmid = {2508384},
 publisher = {ACM},
 address = {New York, NY, USA},
 keywords = {shape approximation, simplification},
}
@article{rigmeshandrewsg2012,
 author = {Boros\'{a}n, P{\'e}ter and Jin, Ming and DeCarlo, Doug and Gingold, Yotam and Nealen, Andrew},
 title = {RigMesh: Automatic Rigging for Part-based Shape Modeling and Deformation},
 journal = {ACM TOG},
 issue_date = {November 2012},
 volume = {31},
 number = {6},
 month = nov,
 year = {2012},
 issn = {0730-0301},
 pages = {198:1--198:9},
 articleno = {198},
 numpages = {9},
 acmid = {2366217},
 publisher = {ACM},
 address = {New York, NY, USA},
 keywords = {animation, rigging, skeletonization, sketch-based modeling, skinning},
}
@article{sketchbasedmodelingsurveycg2009,
title = "Sketch-based modeling: a survey",
journal = "Computers \& Graphics",
volume = "33",
number = "1",
pages = "85--103",
year = "2009",
author = "Luke Olsen and Faramarz F. Samavati and Mario Costa Sousa and Joaquim A. Jorge",
}
@inproceedings{shapeshopschmidtsgcourse2006,
 author = {Schmidt, R. and Wyvill, B. and Sousa, M. C. and Jorge, J. A.},
 title = {ShapeShop: Sketch-based Solid Modeling with BlobTrees},
 booktitle = {ACM SIGGRAPH 2006 Courses},
 series = {SIGGRAPH '06},
 year = {2006},
 isbn = {1-59593-364-6},
 location = {Boston, Massachusetts},
 articleno = {14},
 acmid = {1185775},
 publisher = {ACM},
 address = {New York, NY, USA},
}
@article{Cook:2009:SSM:1558381.1558405,
 author = {Cook, Matthew T. and Agah, Arvin},
 title = {A Survey of Sketch-based 3-D Modeling Techniques},
 journal = {Interacting with Computers},
 issue_date = {July, 2009},
 volume = {21},
 number = {3},
 month = jul,
 year = {2009},
 issn = {0953-5438},
 pages = {201--211},
 numpages = {11},
 acmid = {1558405},
 publisher = {Elsevier Science Inc.},
 address = {New York, NY, USA},
 keywords = {3-D modeling, Human computer interaction, Interaction styles, Sketch-based modeling, User interface},
}
@article{Baran:2009:SDT:1531326.1531342,
 author = {Baran, Ilya and Vlasic, Daniel and Grinspun, Eitan and Popovi\'{c}, Jovan},
 title = {Semantic Deformation Transfer},
 journal = {ACM TOG},
 issue_date = {August 2009},
 volume = {28},
 number = {3},
 month = jul,
 year = {2009},
 issn = {0730-0301},
 pages = {36:1--36:6},
 articleno = {36},
 numpages = {6},
 acmid = {1531342},
 publisher = {ACM},
 address = {New York, NY, USA},
 keywords = {animation, deformation, rigging},
}
@article{anatomytransferoliviersg2013,
 author = {Ali-Hamadi, Dicko and Liu, Tiantian and Gilles, Benjamin and Kavan, Ladislav and Faure, Fran\c{c}ois and Palombi, Olivier and Cani, Marie-Paule},
 title = {Anatomy Transfer},
 journal = {ACM TOG},
 issue_date = {November 2013},
 volume = {32},
 number = {6},
 month = nov,
 year = {2013},
 issn = {0730-0301},
 pages = {188:1--188:8},
 articleno = {188},
 numpages = {8},
 acmid = {2508415},
 publisher = {ACM},
 address = {New York, NY, USA},
 keywords = {character modeling},
}
@article{recognitionbycomponentspsychologicalreview,
  title={Recognition-by-components: a theory of human image understanding.},
  author={Biederman, Irving},
  journal={Psychological review},
  volume={94},
  number={2},
  pages={115},
  year={1987},
  publisher={American Psychological Association}
}
@article{partsofrecognitioncognition,
title = "Parts of recognition ",
journal = "Cognition ",
volume = "18",
pages = "65 - 96",
year = "1984",
issn = "0010-0277",
author = "D.D. Hoffman and W.A. Richards"
}
@article{partbasedrepresentationpsychology,
  title={Part-based representations of visual shape and implications for visual cognition},
  author={Singh, Manish and Hoffman, Donald D},
  journal={Advances in psychology},
  volume={130},
  pages={401--459},
  year={2001},
  publisher={Elsevier}
}
@article {surveyonmeshsegmentationshamircgf2008,
author = {Shamir, Ariel},
title = {A Survey on Mesh Segmentation Techniques},
journal = {Comp. Graph. For.},
volume = {27},
number = {6},
pages = {1539--1556},
year = {2008},
}
@article {CGF:CGF12307,
author = {Ma, Chongyang and Huang, Haibin and Sheffer, Alla and Kalogerakis, Evangelos and Wang, Rui},
title = {Analogy-driven 3D style transfer},
journal = {Comp. Graph. For.},
volume = {33},
number = {2},
issn = {1467-8659},
pages = {175--184},
keywords = {Categories and Subject Descriptors (according to ACM CCS):, I.3.5 [Computer Graphics]: Computational Geometry and Object Modeling¡ªCurve, surface, solid, and object representations},
year = {2014},
}
@article{contextualpartanalogiescohenijcv2010,
year={2010},
issn={0920-5691},
journal={International Journal of Computer Vision},
volume={89},
number={2-3},
title={Contextual Part Analogies in 3D Objects},
publisher={Springer US},
author={Shapira, L. and Shalom, S. and Shamir, A. and Cohen-Or, D. and Zhang, H.},
pages={309-326},
language={English}
}
@ARTICLE{datadrivensegmentationhongbofutog2014,
author = {Zhe Huang and Hongbo Fu and Rynson W. H. Lau},
title = {Data-driven Segmentation and Labeling of Freehand Sketches},
journal = {ACM TOG},
year = {2014}
}
@ARTICLE{anexperimentalcomparisonboykovpami2004,
author={Boykov, Y. and Kolmogorov, V.},
journal={TMAPI},
title={An experimental comparison of min-cut/max-flow algorithms for energy minimization in vision},
year={2004},
volume={26},
number={9},
pages={1124--1137},
}
@article{shapedistributionsfunkhousertog2002,
 author = {Osada, Robert and Funkhouser, Thomas and Chazelle, Bernard and Dobkin, David},
 title = {Shape Distributions},
 journal = {ACM TOG},
 issue_date = {October 2002},
 volume = {21},
 number = {4},
 month = oct,
 year = {2002},
 issn = {0730-0301},
 pages = {807--832},
 numpages = {26},
 acmid = {571648},
 publisher = {ACM},
 address = {New York, NY, USA},
}
@article{Sumner:2004:DTT:1015706.1015736,
 author = {Sumner, Robert W. and Popovi\'{c}, Jovan},
 title = {Deformation Transfer for Triangle Meshes},
 journal = {ACM TOG},
 issue_date = {August 2004},
 volume = {23},
 number = {3},
 month = aug,
 year = {2004},
 issn = {0730-0301},
 pages = {399--405},
 numpages = {7},
 acmid = {1015736},
 publisher = {ACM},
 address = {New York, NY, USA},
 keywords = {Animation, Correspondence, Deformations},
}
@article{Eggli1997101,
title = "Inferring 3D models from freehand sketches and constraints ",
journal = "Computer-Aided Design ",
volume = "29",
number = "2",
pages = "101 - 112",
year = "1997",
note = "Solid Modelling ",
issn = "0010-4485",
author = "Lynn Eggli and Ching-yao Hsu and Beat D BrÃ¼derlin and Gershon Elber",
keywords = "geometric constraints",
keywords = "conceptual design",
keywords = "free-hand sketch interpretation "
}
@article {discriminativesketchbasedshaotianjiacgf2011,
author = {Shao, Tianjia and Xu, Weiwei and Yin, Kangkang and Wang, Jingdong and Zhou, Kun and Guo, Baining},
title = {Discriminative Sketch-based {3D} Model Retrieval via Robust Shape Matching},
journal = {Comp. Graph. For.},
volume = {30},
number = {7},
pages = {2011--2020},
year = {2011},
}
@inproceedings{Sheng:2006:IVS:1174429.1174467,
 author = {Sheng, Jia and Balakrishnan, Ravin and Singh, Karan},
 title = {An Interface for Virtual 3D Sculpting via Physical Proxy},
 booktitle = {Proceedings of the 4th International Conference on Computer Graphics and Interactive Techniques in Australasia and Southeast Asia},
 series = {GRAPHITE '06},
 year = {2006},
 isbn = {1-59593-564-9},
 location = {Kuala Lumpur, Malaysia},
 pages = {213--220},
 numpages = {8},
 acmid = {1174467},
 publisher = {ACM},
 address = {New York, NY, USA},
 keywords = {clay modeling, conceptual 3D modeling, direct finger input, gestural interaction, high degree-of-freedom input},
}
@article{evaluationofclusteringbrunpr2007,
title = "Model-based evaluation of clustering validation measures ",
journal = "Pattern Recognition ",
volume = "40",
number = "3",
pages = "807 - 824",
year = "2007",
note = "",
issn = "0031-3203",
author = "Marcel Brun and Chao Sima and Jianping Hua and James Lowey and Brent Carroll and Edward Suh and Edward R. Dougherty",
keywords = "Clustering algorithms",
keywords = "Clustering errors",
keywords = "Validation indices "
}
@inproceedings{structureawarecohenasiacourses2013,
 author = {Mitra, Niloy and Wand, Michael and Zhang, Hao (Richard) and Cohen-Or, Daniel and Kim, Vladimir and Huang, Qi-Xing},
 title = {Structure-aware Shape Processing},
 booktitle = {SIGGRAPH Asia 2013 Courses},
 series = {SA '13},
 year = {2013},
 isbn = {978-1-4503-2631-5},
 location = {Hong Kong, Hong Kong},
 pages = {1:1--1:20},
 articleno = {1},
 numpages = {20},
 acmid = {2542267},
 publisher = {ACM},
 address = {New York, NY, USA},
}
@inproceedings{Zelinka:2004:SSM:1057432.1057460,
 author = {Zelinka, Steve and Garland, Michael},
 title = {Similarity-based Surface Modelling Using Geodesic Fans},
 booktitle = {Proceedings of the 2004 Eurographics/ACM SIGGRAPH Symposium on Geometry Processing},
 series = {SGP '04},
 year = {2004},
 isbn = {3-905673-13-4},
 location = {Nice, France},
 pages = {204--213},
 numpages = {10},
 acmid = {1057460},
 publisher = {ACM},
 address = {New York, NY, USA},
}
@article{fieldguidedregistrationhuanghuiasia2012,
 author = {Huang, Hui and Gong, Minglun and Cohen-Or, Daniel and Ouyang, Yaobin and Tan, Fuwen and Zhang, Hao},
 title = {Field-guided Registration for Feature-conforming Shape Composition},
 journal = {ACM TOG},
 issue_date = {November 2012},
 volume = {31},
 number = {6},
 month = nov,
 year = {2012},
 issn = {0730-0301},
 pages = {179:1--179:11},
 articleno = {179},
 numpages = {11},
 acmid = {2366198},
 publisher = {ACM},
 address = {New York, NY, USA},
 keywords = {extrapolation, feature-conforming, field-guided registration, interpolation, piecewise smooth, shape composition},
}
@article{consistentsegmentationfunkhousercg2009,
  title={Consistent segmentation of 3D models},
  author={Golovinskiy, Aleksey and Funkhouser, Thomas},
  journal={Computers \& Graphics},
  volume={33},
  number={3},
  pages={262--269},
  year={2009},
  publisher={Elsevier}
}
@article{unsupervisedcosegmentationsiditog2011,
 author = {Sidi, Oana and van Kaick, Oliver and Kleiman, Yanir and Zhang, Hao and Cohen-Or, Daniel},
 title = {Unsupervised Co-segmentation of a Set of Shapes via Descriptor-space Spectral Clustering},
 journal = {ACM TOG},
 volume = {30},
 number = {6},
 year = {2011},
}
@article{stylecontentseparationxukaitog2010,
 author = {Xu, Kai and Li, Honghua and Zhang, Hao and Cohen-Or, Daniel and Xiong, Yueshan and Cheng, Zhi-Quan},
 title = {Style-content Separation by Anisotropic Part Scales},
 journal = {ACM TOG},
 issue_date = {December 2010},
 volume = {29},
 number = {6},
 month = dec,
 year = {2010},
 issn = {0730-0301},
 pages = {184:1--184:10},
 articleno = {184},
 numpages = {10},
 acmid = {1866206},
 publisher = {ACM},
 address = {New York, NY, USA},
 keywords = {co-analysis, part correspondence, segmentation, shape analysis, style-content separation},
}
@article {priorknowledgecohencgf2011,
author = {van Kaick, Oliver and Tagliasacchi, Andrea and Sidi, Oana and Zhang, Hao and Cohen-Or, Daniel and Wolf, Lior and Hamarneh, Ghassan},
title = {Prior Knowledge for Part Correspondence},
journal = {Comp. Graph. For.},
volume = {30},
number = {2},
publisher = {Blackwell Publishing Ltd},
issn = {1467-8659},
pages = {553--562},
year = {2011},
}
@article{asurveyonshapecorrespondencecgf2011,
    author = {Oliver van Kaick and Hao Zhang and Ghassan Hamarneh and Daniel Cohen-Or},
    title = {A Survey on Shape Correspondence},
    journal = {Comp. Graph. For.},
    volume = {30},
    number = {6},
    pages = {1681--1707},
    year = 2011,
}
@article{spacetimeeditingsiwanglitog2014,
 author = {Li, Siwang and Huang, Jin and de Goes, Fernando and Jin, Xiaogang and Bao, Hujun and Desbrun, Mathieu},
 title = {Space-time Editing of Elastic Motion Through Material Optimization and Reduction},
 journal = {ACM TOG},
 issue_date = {July 2014},
 volume = {33},
 number = {4},
 month = jul,
 year = {2014},
 issn = {0730-0301},
 pages = {108:1--108:10},
 articleno = {108},
 numpages = {10},
 acmid = {2601217},
 publisher = {ACM},
 address = {New York, NY, USA},
}
@ARTICLE{supermatchingchengzhiquantvcg2013,
author={Zhi-Quan Cheng and Yin Chen and Martin, R.R. and Yu-Kun Lai and Aiping Wang},
journal={IEEE Transactions on Visualization and Computer Graphics},
title={SuperMatching: Feature Matching Using Supersymmetric Geometric Constraints},
year={2013},
month={Nov},
volume={19},
number={11},
pages={1885-1894},
ISSN={1077-2626},}
@article{Sanchez2013620,
title = "Morphological shape generation through user-controlled group metamorphosis ",
journal = "Computers \& Graphics ",
volume = "37",
number = "6",
pages = "620 - 627",
year = "2013",
note = "<ce:title>Shape Modeling International (SMI) Conference 2013</ce:title> ",
issn = "0097-8493",
author = "Mathieu Sanchez and Oleg Fryazinov and Turlif Vilbrandt and Alexander Pasko",
}
@incollection{Cross200179,
title = "Design Cognition: Results from Protocol and other Empirical Studies of Design Activity",
editor = "Eastman, Charles M. and McCracken, W. Michael  and Newstetter, Wendy C. ",
booktitle = "Design Knowing and Learning: Cognition in Design Education ",
publisher = "Elsevier Science",
edition = "",
address = "Oxford",
year = "2001",
pages = "79 - 103",
isbn = "978-0-08-043868-9",
doi = "http://dx.doi.org/10.1016/B978-008043868-9/50005-X",
url = "http://www.sciencedirect.com/science/article/pii/B978008043868950005X",
author = "Nigel Cross"
}
@INPROCEEDINGS{1199609,
author={Sundar, H. and Silver, D. and Gagvani, N. and Dickinson, S.},
booktitle={Shape Modeling International, 2003},
title={Skeleton based shape matching and retrieval},
year={2003},
pages={130-139},
keywords={data visualisation;graph theory;image matching;image registration;image retrieval;3D object comparison;3D object searching;geometric information;geometric similarity;graph annotation;graph matching;object selection;object specification;shape retrieval;skeletal graph;skeleton based shape matching;skeleton matching;topological information;topological signature vector;topological similarity;visualization tool;Application software;Focusing;Image databases;Information retrieval;Joints;Shape;Silver;Skeleton;Visual databases;Visualization},
doi={10.1109/SMI.2003.1199609},}
@article{Assa2012250,
title = "More of the same: Synthesizing a variety by structural layering ",
journal = "Computers \& Graphics ",
volume = "36",
number = "4",
pages = "250 - 256",
year = "2012",
note = "<ce:title>Applications of Geometry Processing</ce:title> ",
issn = "0097-8493",
doi = "http://dx.doi.org/10.1016/j.cag.2012.02.002",
url = "http://www.sciencedirect.com/science/article/pii/S0097849312000180",
author = "Jackie Assa and Daniel Cohen-Or",
keywords = "Generating variations",
keywords = "Texture synthesis",
keywords = "Image generation "
}
@article {CGF:CGF1883,
author = {Takayama, Kenshi and Schmidt, Ryan and Singh, Karan and Igarashi, Takeo and Boubekeur, Tamy and Sorkine, Olga},
title = {GeoBrush: Interactive Mesh Geometry Cloning},
journal = {Comp. Graph. For.},
volume = {30},
number = {2},
publisher = {Blackwell Publishing Ltd},
issn = {1467-8659},
url = {http://dx.doi.org/10.1111/j.1467-8659.2011.01883.x},
doi = {10.1111/j.1467-8659.2011.01883.x},
pages = {613--622},
keywords = {1.3.5 [Computer Graphics]: Computational Geometry and Object Modeling, Geometric algorithms, languages, and systems},
year = {2011},
}
@article{Shen:2012:SMS:2399346.2399353,
 author = {Shen, Liang-Tsen and Luo, Sheng-Jie and Huang, Chun-Kai and Chen, Bing-Yu},
 title = {SD Models: Super-Deformed Character Models},
 journal = {Comp. Graph. Forum},
 issue_date = {September 2012},
 volume = {31},
 number = {7pt1},
 month = sep,
 year = {2012},
 issn = {0167-7055},
 pages = {2067--2075},
 numpages = {9},
 url = {http://dx.doi.org/10.1111/j.1467-8659.2012.03199.x},
 doi = {10.1111/j.1467-8659.2012.03199.x},
 acmid = {2399353},
 publisher = {John Wiley \& Sons, Inc.},
 address = {New York, NY, USA},
 keywords = {I.3.5 [Computer Graphics]: Computational Geometry and Object Modeling\&\#x2014;Curve, surface, solid, and object representations},
}
@article{Ju:2004:RRP:1015706.1015815,
 author = {Ju, Tao},
 title = {Robust Repair of Polygonal Models},
 journal = {ACM TOG},
 issue_date = {August 2004},
 volume = {23},
 number = {3},
 month = aug,
 year = {2004},
 issn = {0730-0301},
 pages = {888--895},
 numpages = {8},
 url = {http://doi.acm.org/10.1145/1015706.1015815},
 doi = {10.1145/1015706.1015815},
 acmid = {1015815},
 publisher = {ACM},
 address = {New York, NY, USA},
 keywords = {model repair, octree, robustness, scan conversion},
}
@inproceedings{RenLCM2003,
 author = {Ren, Xiaofeng and Malik, Jitendra},
 title = {Learning a Classification Model for Segmentation},
 booktitle = {Proceedings of the Ninth IEEE International Conference on Computer Vision},
 series = {ICCV '03},
 year = {2003},
 isbn = {0-7695-1950-4},
 pages = {10-17 vol.1},
 acmid = {946677},
 publisher = {IEEE Computer Society},
 address = {Washington, DC, USA},
}
@article {FanWang2013,
author = {Fan, Lubin and Wang, Ruimin and Xu, Linlin and Deng, Jiansong and Liu, Ligang},
title = {Modeling by Drawing with Shadow Guidance},
journal = {Comp. Graph. For.},
volume = {32},
number = {7},
issn = {1467-8659},
pages = {157--166},
year = {2013},
}
@inproceedings{bodyavatartongxinuist2013,
 author = {Zhang, Yupeng and Han, Teng and Ren, Zhimin and Umetani, Nobuyuki and Tong, Xin and Liu, Yang and Shiratori, Takaaki and Cao, Xiang},
 title = {BodyAvatar: Creating Freeform 3D Avatars Using First-person Body Gestures},
 booktitle = {Proceedings of the 26th Annual ACM Symposium on User Interface Software and Technology},
 series = {UIST '13},
 year = {2013},
 isbn = {978-1-4503-2268-3},
 location = {St. Andrews, Scotland, United Kingdom},
 pages = {387--396},
 numpages = {10},
 acmid = {2502015},
 publisher = {ACM},
 address = {New York, NY, USA},
 keywords = {3d avatar, body gesture, creativity, first-person},
}
@article{lin2013snapblocks,
  title={SnapBlocks: a snapping interface for assembling toy blocks with XBOX Kinect},
  author={Lin, Juncong and Sun, Qian and Li, Guilin and He, Ying},
  journal={Multimedia Tools and Applications},
  pages={1--24},
  year={2013},
  publisher={Springer}
}
@article{Mitani:2004:MPT:1015706.1015711,
 author = {Mitani, Jun and Suzuki, Hiromasa},
 title = {Making Papercraft Toys from Meshes Using Strip-based Approximate Unfolding},
 journal = {ACM TOG},
 issue_date = {August 2004},
 volume = {23},
 number = {3},
 month = aug,
 year = {2004},
 issn = {0730-0301},
 pages = {259--263},
 numpages = {5},
 url = {http://doi.acm.org/10.1145/1015706.1015711},
 doi = {10.1145/1015706.1015711},
 acmid = {1015711},
 publisher = {ACM},
 address = {New York, NY, USA},
 keywords = {Mesh, Papercraft, Simplification, Unfold},
}
@article{Xin:2011:MBP:2010324.1964992,
 author = {Xin, Shiqing and Lai, Chi-Fu and Fu, Chi-Wing and Wong, Tien-Tsin and He, Ying and Cohen-Or, Daniel},
 title = {Making Burr Puzzles from 3D Models},
 journal = {ACM TOG},
 issue_date = {July 2011},
 volume = {30},
 number = {4},
 month = jul,
 year = {2011},
 issn = {0730-0301},
 pages = {97:1--97:8},
 articleno = {97},
 numpages = {8},
 url = {http://doi.acm.org/10.1145/2010324.1964992},
 doi = {10.1145/2010324.1964992},
 acmid = {1964992},
 publisher = {ACM},
 address = {New York, NY, USA},
 keywords = {3D burr puzzle, recreational graphics},
}
@article{Mori:2007:PID:1276377.1276433,
 author = {Mori, Yuki and Igarashi, Takeo},
 title = {Plushie: An Interactive Design System for Plush Toys},
 journal = {ACM TOG},
 issue_date = {July 2007},
 volume = {26},
 number = {3},
 month = jul,
 year = {2007},
 issn = {0730-0301},
 articleno = {45},
 url = {http://doi.acm.org/10.1145/1276377.1276433},
 doi = {10.1145/1276377.1276433},
 acmid = {1276433},
 publisher = {ACM},
 address = {New York, NY, USA},
}
@inproceedings{sketchbasedcompositionfunkhousersbim2008,
 author = {Lee, Jeehyung and Funkhouser, Thomas},
 title = {Sketch-based Search and Composition of {3D} Models},
 booktitle = {Proc. SBIM},
 year = {2008},
 pages = {97--104},
}
@article{Li:2010:PAP:1778765.1778848,
 author = {Li, Xian-Ying and Shen, Chao-Hui and Huang, Shi-Sheng and Ju, Tao and Hu, Shi-Min},
 title = {Popup: Automatic Paper Architectures from 3D Models},
 journal = {ACM TOG},
 issue_date = {July 2010},
 volume = {29},
 number = {4},
 month = jul,
 year = {2010},
 issn = {0730-0301},
 pages = {111:1--111:9},
 articleno = {111},
 numpages = {9},
 acmid = {1778848},
 publisher = {ACM},
 address = {New York, NY, USA},
 keywords = {computer art, paper architecture, planar layout, pop-up},
}
@article{Mitra:2009:SA:1618452.1618502,
 author = {Mitra, Niloy J. and Pauly, Mark},
 title = {Shadow Art},
 journal = {ACM TOG},
 issue_date = {December 2009},
 volume = {28},
 number = {5},
 month = dec,
 year = {2009},
 issn = {0730-0301},
 pages = {156:1--156:7},
 articleno = {156},
 numpages = {7},
 acmid = {1618502},
 publisher = {ACM},
 address = {New York, NY, USA},
}
@article{benchmarkforsegmentationchenxiaobaisg2009,
 author = {Chen, Xiaobai and Golovinskiy, Aleksey and Funkhouser, Thomas},
 title = {A Benchmark for {3D} Mesh Segmentation},
 journal = {ACM TOG},
 volume = {28},
 number = {3},
 year = {2009},
}
@article {CGF:CGF1895,
author = {Fan, Lubin and Lic, Ligang and Liu, Kun},
title = {Paint Mesh Cutting},
journal = {Comp. Graph. For.},
volume = {30},
number = {2},
publisher = {Blackwell Publishing Ltd},
issn = {1467-8659},
pages = {603--612},
keywords = {1.3.3 [Computer Graphics]: Computer Graphics, Geometry/Mesh Segmentation??User Interface},
year = {2011},
}
@inproceedings{Mitra:2013:SSP:2542266.2542267,
 author = {Mitra, Niloy and Wand, Michael and Zhang, Hao (Richard) and Cohen-Or, Daniel and Kim, Vladimir and Huang, Qi-Xing},
 title = {Structure-aware Shape Processing},
 booktitle = {SIGGRAPH Asia 2013 Courses},
 series = {SA '13},
 year = {2013},
 isbn = {978-1-4503-2631-5},
 location = {Hong Kong, Hong Kong},
 pages = {1:1--1:20},
 articleno = {1},
 numpages = {20},
 acmid = {2542267},
 publisher = {ACM},
 address = {New York, NY, USA},
}
@book{weisberg2006creativity,
  title={Creativity: Understanding innovation in problem solving, science, invention, and the arts},
  author={Weisberg, Robert W},
  year={2006},
  publisher={John Wiley \& Sons}
}
@book{finke1992creative,
  title={Creative cognition: Theory, research, and applications},
  author={Finke, Ronald A and Ward, Thomas B and Smith, Steven M},
  year={1992},
  publisher={MIT press Cambridge, MA}
}
@inproceedings{knngraphsebastianicpr2002,
 author = {Sebastian, Thomas B. and Kimia, Benjamin B.},
 title = {Metric-Based Shape Retrieval in Large Databases},
 booktitle = {Proceedings of the 16 th International Conference on Pattern Recognition},
 series = {ICPR '02},
 year = {2002},
 isbn = {0-7695-1695-X},
 pages = {30291--},
 acmid = {842892},
 publisher = {IEEE Computer Society},
 address = {Washington, DC, USA},
}
@inproceedings{optimalboundariesxiaohuangspm07,
 author = {Huang, Xiaohuang and Fu, Hongbo and Au, Oscar Kin-Chung and Tai, Chiew-Lan},
 title = {Optimal Boundaries for Poisson Mesh Merging},
 booktitle = {Proceedings of the 2007 ACM Symposium on Solid and Physical Modeling},
 series = {SPM '07},
 year = {2007},
 isbn = {978-1-59593-666-0},
 location = {Beijing, China},
 pages = {35--40},
 numpages = {6},
 acmid = {1236254},
 publisher = {ACM},
 address = {New York, NY, USA},
 keywords = {Poisson mesh merging, optimal boundaries},
}
@incollection{discretedifferentialhegemath2003,
year={2003},
isbn={978-3-642-05682-6},
booktitle={Visualization and Mathematics III},
series={Mathematics and Visualization},
editor={Hege, Hans-Christian and Polthier, Konrad},
title={Discrete Differential-Geometry Operators for Triangulated 2-Manifolds},
publisher={Springer Berlin Heidelberg},
author={Meyer, Mark and Desbrun, Mathieu and Schroder, Peter and Barr, AlanH.},
pages={35-57},
language={English}
}
@article {sketchtodesignxukaicgf2013,
author = {Xie, Xiaohua and Xu, Kai and Mitra, Niloy J. and Cohen-Or, Daniel and Gong, Wenyong and Su, Qi and Chen, Baoquan},
title = {{Sketch-to-Design}: Context-Based Part Assembly},
journal = {Comp. Graph. For.},
volume = {32},
number = {8},
pages = {233--245},
year = {2013},
}
@inproceedings{Nealen:2006:LMO:1174429.1174494,
 author = {Nealen, Andrew and Igarashi, Takeo and Sorkine, Olga and Alexa, Marc},
 title = {Laplacian Mesh Optimization},
 booktitle = {Proceedings of the 4th International Conference on Computer Graphics and Interactive Techniques in Australasia and Southeast Asia},
 series = {GRAPHITE '06},
 year = {2006},
 isbn = {1-59593-564-9},
 location = {Kuala Lumpur, Malaysia},
 pages = {381--389},
 numpages = {9},
 url = {http://doi.acm.org/10.1145/1174429.1174494},
 doi = {10.1145/1174429.1174494},
 acmid = {1174494},
 publisher = {ACM},
 address = {New York, NY, USA},
 keywords = {discrete differential geometry, fairing, least squares, remeshing, smoothing, triangle quality},
}

@article{Zatzarinni:2009:RAE:1618452.1618482,
 author = {Zatzarinni, Rony and Tal, Ayellet and Shamir, Ariel},
 title = {Relief Analysis and Extraction},
 journal = {ACM TOG},
 issue_date = {December 2009},
 volume = {28},
 number = {5},
 month = dec,
 year = {2009},
 issn = {0730-0301},
 pages = {136:1--136:9},
 articleno = {136},
 numpages = {9},
 acmid = {1618482},
 publisher = {ACM},
 address = {New York, NY, USA},
}

@article{Biermann:2002:CEM:566654.566583,
 author = {Biermann, Henning and Martin, Ioana and Bernardini, Fausto and Zorin, Denis},
 title = {Cut-and-paste Editing of Multiresolution Surfaces},
 journal = {ACM TOG},
 issue_date = {July 2002},
 volume = {21},
 number = {3},
 month = jul,
 year = {2002},
 issn = {0730-0301},
 pages = {312--321},
 numpages = {10},
 acmid = {566583},
 publisher = {ACM},
 address = {New York, NY, USA},
}
@article{resnick2005design,
  title={Design principles for tools to support creative thinking},
  author={Resnick, Mitchel and Myers, Brad and Nakakoji, Kumiyo and Shneiderman, Ben and Pausch, Randy and Selker, Ted and Eisenberg, Mike},
  year={2005}
}
@article{modelingbyexamplefunkhousersg2004,
 author = {Funkhouser, Thomas and Kazhdan, Michael and Shilane, Philip and Min, Patrick and Kiefer, William and Tal, Ayellet and Rusinkiewicz, Szymon and Dobkin, David},
 title = {Modeling by Example},
 journal = {ACM TOG},
 volume = {23},
 number = {3},
 year = {2004},
 pages = {652--663},
}
@INPROCEEDINGS{1348358,
author={Yunjin Lee and Seungyong Lee and Shamir, A. and Cohen-Or, D. and Seidel, H. -P},
booktitle={12th Pacific Conference on Computer Graphics and Applications},
title={Intelligent mesh scissoring using 3D snakes},
year={2004},
month={Oct},
pages={279-287},
keywords={computational geometry;feature extraction;mesh generation;3D geometric snake;automatic segmentation;concave discontinuity;geometric mesh;intelligent mesh scissoring;intelligent scissoring operator;manual cutting;mesh partitioning;parts extraction;tangent plane;Application software;Computer graphics;Feature extraction;Humans;Mesh generation;Partitioning algorithms;Testing},
ISSN={1550-4085},
}

@article{Talton:2009:EMC:1618452.1618513,
 author = {Talton, Jerry O. and Gibson, Daniel and Yang, Lingfeng and Hanrahan, Pat and Koltun, Vladlen},
 title = {Exploratory Modeling with Collaborative Design Spaces},
 journal = {ACM TOG},
 issue_date = {December 2009},
 volume = {28},
 number = {5},
 month = dec,
 year = {2009},
 issn = {0730-0301},
 pages = {167:1--167:10},
 articleno = {167},
 numpages = {10},
 acmid = {1618513},
 publisher = {ACM},
 address = {New York, NY, USA},
 keywords = {collaboration, exploration, modeling},
}
@inproceedings{interchangeablecomponentsallapg2007,
 author = {Kreavoy, Vladislav and Julius, Dan and Sheffer, Alla},
 title = {Model Composition from Interchangeable Components},
 booktitle = {Proceedings of the 15th Pacific Conference on Computer Graphics and Applications},
 series = {PG '07},
 year = {2007},
 isbn = {0-7695-3009-5},
 pages = {129--138},
 numpages = {10},
 acmid = {1338562},
 publisher = {IEEE Computer Society},
 address = {Washington, DC, USA},
}
@article{datadrivenvladenaisa2010,
 author = {Chaudhuri, Siddhartha and Koltun, Vladlen},
 title = {Data-driven Suggestions for Creativity Support in {3D} Modeling},
 journal = {ACM TOG},
 volume = {29},
 number = {6},
 year = {2010},
}
@article{topologyvaryingzhanghaosg2014,
 author = {Alhashim, Ibraheem and Li, Honghua and Xu, Kai and Cao, Junjie and Ma, Rui and Zhang, Hao},
 title = {Topology-varying 3D Shape Creation via Structural Blending},
 journal = {ACM TOG},
 issue_date = {July 2014},
 volume = {33},
 number = {4},
 month = jul,
 year = {2014},
 issn = {0730-0301},
 pages = {158:1--158:10},
 articleno = {158},
 numpages = {10},
 acmid = {2601102},
 publisher = {ACM},
 address = {New York, NY, USA},
 keywords = {3D shape creation, shape blending, topology variation},
}
@article {exploringshapevariationsjaineg2012,
author = {Jain, Arjun and Thorm?hlen, Thorsten and Ritschel, Tobias and Seidel, Hans-Peter},
title = {Exploring Shape Variations by 3D-Model Decomposition and Part-based Recombination},
journal = {Comp. Graph. For.},
volume = {31},
number = {2pt3},
publisher = {Blackwell Publishing Ltd},
issn = {1467-8659},
pages = {631--640},
year = {2012},
}
@article{probabilisticreasoningvladlensg2011,
 author = {Chaudhuri, Siddhartha and Kalogerakis, Evangelos and Guibas, Leonidas and Koltun, Vladlen},
 title = {Probabilistic Reasoning for Assembly-based {3D} Modeling},
 journal = {ACM TOG},
 issue_date = {July 2011},
 volume = {30},
 number = {4},
 year = {2011},
}
@article{creaturegrammarguoxuekun2014,
 author = {Guo, Xuekun and Lin, Juncong and Xu, Kai and Jin, Xiaogang},
 title = {Creature Grammar for Creative Modeling of {3D} Monsters},
 journal = {Graphical Models},
 volume = {76},
 number = {5},
 year = {2014},
 pages = {376--389},
}
@article{efficientpolygonizationzhuxiaoqiangscis2013,
year={2013},
issn={1674-733X},
journal={Science China Information Sciences},
volume={56},
number={3},
title={Efficient polygonization of tree trunks modeled by convolution surfaces},
publisher={SP Science China Press},
keywords={trunk modeling; skeleton-based modeling; convolution surface; tetrahedral subdivision; CUDA},
author={Zhu, XiaoQiang and Guo, XueKun and Jin, XiaoGang},
pages={1-12},
language={English}
}
@article{shapematchingfunkhousertog2004,
 author = {Kazhdan, Michael and Funkhouser, Thomas and Rusinkiewicz, Szymon},
 title = {Shape Matching and Anisotropy},
 journal = {ACM TOG},
 issue_date = {August 2004},
 volume = {23},
 number = {3},
 month = aug,
 year = {2004},
 issn = {0730-0301},
 pages = {623--629},
 numpages = {7},
 acmid = {1015770},
 publisher = {ACM},
 address = {New York, NY, USA},
 keywords = {anisotropy, shape matching},
}
@article{aprobabilisticmodelvladlensg2012,
 author = {Kalogerakis, Evangelos and Chaudhuri, Siddhartha and Koller, Daphne and Koltun, Vladlen},
 title = {A Probabilistic Model for Component-based Shape Synthesis},
 journal = {ACM TOG},
 volume = {31},
 number = {4},
 year = {2012},
 pages = {55:1--55:11},
}
@incollection{shokoufandeh2001unified,
  title={A unified framework for indexing and matching hierarchical shape structures},
  author={Shokoufandeh, Ali and Dickinson, Sven},
  booktitle={Visual Form 2001},
  pages={67--84},
  year={2001},
  publisher={Springer}
}
@article{siddiqi:1999:IJCV,
year={1999},
issn={0920-5691},
journal={International Journal of Computer Vision},
volume={35},
number={1},
title={Shock Graphs and Shape Matching},
publisher={Kluwer Academic Publishers},
keywords={shape representation; shape matching; shock graph; shock graph grammar; subgraph isomorphism},
author={Siddiqi, Kaleem and Shokoufandeh, Ali and Dickinson, SvenJ. and Zucker, StevenW.},
pages={13-32},
language={English}
}
@article{Au:2008:SEM:1360612.1360643,
 author = {Au, Oscar Kin-Chung and Tai, Chiew-Lan and Chu, Hung-Kuo and Cohen-Or, Daniel and Lee, Tong-Yee},
 title = {Skeleton Extraction by Mesh Contraction},
 journal = {ACM TOG},
 issue_date = {August 2008},
 volume = {27},
 number = {3},
 month = aug,
 year = {2008},
 issn = {0730-0301},
 pages = {44:1--44:10},
 articleno = {44},
 numpages = {10},
 acmid = {1360643},
 publisher = {ACM},
 address = {New York, NY, USA},
 keywords = {Laplacian, mesh contraction, segmentation, skeleton, skinning, smoothing},
}
@article{Mitra:2010:IMA:1778765.1778795,
 author = {Mitra, Niloy J. and Yang, Yong-Liang and Yan, Dong-Ming and Li, Wilmot and Agrawala, Maneesh},
 title = {Illustrating How Mechanical Assemblies Work},
 journal = {ACM TOG},
 issue_date = {July 2010},
 volume = {29},
 number = {4},
 month = jul,
 year = {2010},
 issn = {0730-0301},
 pages = {58:1--58:12},
 articleno = {58},
 numpages = {12},
 url = {http://doi.acm.org/10.1145/1778765.1778795},
 doi = {10.1145/1778765.1778795},
 acmid = {1778795},
 publisher = {ACM},
 address = {New York, NY, USA},
 keywords = {causal chaining, mechanical assembly, motion depiction, shape analysis, visualization},
}
@INPROCEEDINGS{1315196,
author={Zabih, R. and Kolmogorov, V.},
booktitle={Computer Vision and Pattern Recognition, 2004. CVPR 2004. Proceedings of the 2004 IEEE Computer Society Conference on},
title={Spatially coherent clustering using graph cuts},
year={2004},
month={June},
volume={2},
pages={II-437-II-444 Vol.2},
keywords={graph theory;image segmentation;pattern clustering;feature space clustering;graph cuts;image segmentation;image space;parametric clustering method;spatially coherent clustering;Clustering algorithms;Clustering methods;Computer vision;Image motion analysis;Image segmentation;Image texture analysis;Labeling;Optimization methods;Pixel;Spatial coherence},
ISSN={1063-6919},}
@article{Bickel:2010:DFM:1778765.1778800,
 author = {Bickel, Bernd and B\"{a}cher, Moritz and Otaduy, Miguel A. and Lee, Hyunho Richard and Pfister, Hanspeter and Gross, Markus and Matusik, Wojciech},
 title = {Design and Fabrication of Materials with Desired Deformation Behavior},
 journal = {ACM TOG},
 issue_date = {July 2010},
 volume = {29},
 number = {4},
 month = jul,
 year = {2010},
 issn = {0730-0301},
 pages = {63:1--63:10},
 articleno = {63},
 numpages = {10},
 acmid = {1778800},
 publisher = {ACM},
 address = {New York, NY, USA},
 keywords = {deformable objects, fabrication, goal-based material design},
}
@article{4pointsniloytog2008,
 author = {Aiger, Dror and Mitra, Niloy J. and Cohen-Or, Daniel},
 title = {4-points Congruent Sets for Robust Pairwise Surface Registration},
 journal = {ACM TOG},
 issue_date = {August 2008},
 volume = {27},
 number = {3},
 month = aug,
 year = {2008},
 issn = {0730-0301},
 pages = {85:1--85:10},
 articleno = {85},
 numpages = {10},
 acmid = {1360684},
 publisher = {ACM},
 address = {New York, NY, USA},
}
@article{comparisonmincutmaxflowboykovpami2004,
 author = {Boykov, Yuri and Kolmogorov, Vladimir},
 title = {An Experimental Comparison of Min-Cut/Max-Flow Algorithms for Energy Minimization in Vision},
 journal = {TPAMI},
 issue_date = {September 2004},
 volume = {26},
 number = {9},
 month = sep,
 year = {2004},
 issn = {0162-8828},
 pages = {1124--1137},
 numpages = {14},
 acmid = {1018355},
 publisher = {IEEE Computer Society},
 address = {Washington, DC, USA},
}
@article {CGF:CGF947,
author = {Ji, Zhongping and Liu, Ligang and Chen, Zhonggui and Wang, Guojin},
title = {Easy Mesh Cutting},
journal = {Comp. Graph. For.},
volume = {25},
number = {3},
year = {2006},
}
@ARTICLE{scalablenearestmujapami2014,
author={Muja, M. and Lowe, D.G.},
journal={TPAMI},
title={Scalable Nearest Neighbor Algorithms for High Dimensional Data},
year={2014},
volume={36},
number={11},
}
@INPROCEEDINGS{scalableknnjingwangcvpr2012,
author={Jing Wang and Jingdong Wang and Gang Zeng and Zhuowen Tu and Rui Gan and Shipeng Li},
booktitle={Proc. CVPR},
title={Scalable {k-NN} graph construction for visual descriptors},
year={2012},
}
@article{nearoptimalandoniacm2008,
 author = {Andoni, Alexandr and Indyk, Piotr},
 title = {Near-optimal Hashing Algorithms for Approximate Nearest Neighbor in High Dimensions},
 journal = {Communications of the ACM},
 volume = {51},
 number = {1},
 year = {2008},
}
@inproceedings{partialedgecontourriemeneccv2010,
year={2010},
booktitle={Proc. ECCV},
title={Using Partial Edge Contour Matches for Efficient Object Category Localization},
author={Riemenschneider, Hayko and Donoser, Michael and Bischof, Horst},
}
@article{sdfcohenortvc2008,
 author = {Shapira, Lior and Shamir, Ariel and Cohen-Or, Daniel},
 title = {Consistent Mesh Partitioning and Skeletonisation Using the Shape Diameter Function},
 journal = {The Visual Computer},
 issue_date = {March 2008},
 volume = {24},
 number = {4},
 month = mar,
 year = {2008},
 issn = {0178-2789},
 pages = {249--259},
 numpages = {11},
 acmid = {1356724},
 publisher = {Springer-Verlag New York, Inc.},
 address = {Secaucus, NJ, USA},
 keywords = {Geometry processing, Mesh decomposition, Skeleton extraction},
}
@article {CAV:CAV422,
author = {Meng, Min and Fan, Lubin and Liu, Ligang},
title = {iCutter: a direct cut-out tool for 3D shapes},
journal = {Computer Animation and Virtual Worlds},
volume = {22},
number = {4},
publisher = {John Wiley \& Sons, Ltd},
issn = {1546-427X},
pages = {335--342},
keywords = {mesh cutting, semantic parts, harmonic field, isolines},
year = {2011},
}
@article{semisupervisedmeshsegmentationhuangjipg2012,
 author = {Lv, Jiajun and Chen, Xinlei and Huang, Jin and Bao, Hujun},
 title = {Semi-supervised Mesh Segmentation and Labeling},
 journal = {Comp. Graph. For.},
 issue_date = {September 2012},
 volume = {31},
 number = {7pt2},
 month = sep,
 year = {2012},
 issn = {0167-7055},
 pages = {2241--2248},
 numpages = {8},
 acmid = {2399371},
 publisher = {John Wiley \& Sons, Inc.},
 address = {New York, NY, USA},
}
@article{salientgeometricfeaturescohentog2006,
 author = {Gal, Ran and Cohen-Or, Daniel},
 title = {Salient Geometric Features for Partial Shape Matching and Similarity},
 journal = {ACM TOG},
 issue_date = {January 2006},
 volume = {25},
 number = {1},
 month = jan,
 year = {2006},
 issn = {0730-0301},
 pages = {130--150},
 numpages = {21},
 acmid = {1122507},
 publisher = {ACM},
 address = {New York, NY, USA},
}
@article{howdohumaneitztog2012,
 author = {Eitz, Mathias and Hays, James and Alexa, Marc},
 title = {How Do Humans Sketch Objects?},
 journal = {ACM TOG},
 issue_date = {July 2012},
 volume = {31},
 number = {4},
 month = jul,
 year = {2012},
 issn = {0730-0301},
 pages = {44:1--44:10},
 articleno = {44},
 numpages = {10},
 acmid = {2185540},
 publisher = {ACM},
 address = {New York, NY, USA},
}
@article {onvisualsimilaritychencgf2003,
author = {Chen, Ding-Yun and Tian, Xiao-Pei and Shen, Yu-Te and Ouhyoung, Ming},
title = {On Visual Similarity Based {3D} Model Retrieval},
journal = {Comp. Graph. For.},
volume = {22},
number = {3},
pages = {223--232},
year = {2003},
}
@ARTICLE{dotscissoryouyitvcg2012,
author={Youyi Zheng and Chiew-Lan Tai and Au, O.K.-C.},
journal={IEEE TVCG},
title={{Dot Scissor}: A Single-Click Interface for Mesh Segmentation},
year={2012},
volume={18},
number={8},
pages={1304-1312},
}
@article{shortcutsinghperception1999,
year={1999},
issn={0031-5117},
journal={Perception & Psychophysics},
volume={61},
number={4},
title={Parsing silhouettes: The short-cut rule},
publisher={Springer-Verlag},
author={Singh, Manish and Seyranian, GregoryD. and Hoffman, DonaldD.},
pages={636-660},
language={English}
}
@ARTICLE{concavityawareyouyitvcg2012,
author={Au, O.K.-C. and Youyi Zheng and Menglin Chen and Pengfei Xu and Chiew-Lan Tai},
journal={IEEE TVCG},
title={Mesh Segmentation with Concavity-Aware Fields},
year={2012},
volume={18},
number={7},
pages={1125--1134},
}
@article {crossboundaryzhengyouyicgf2010,
author = {Zheng, Youyi and Tai, Chiew-Lan},
title = {Mesh Decomposition with Cross-Boundary Brushes},
journal = {Comp. Graph. For.},
volume = {29},
number = {2},
publisher = {Blackwell Publishing Ltd},
issn = {1467-8659},
pages = {527--535},
keywords = {I.3.3 [Computer Graphics]: Geometry/Mesh Segmentation¡ªUser Interface},
year = {2010},
}
@article{unsupervisedcosegmentationcohenaisa2011,
 author = {Sidi, Oana and van Kaick, Oliver and Kleiman, Yanir and Zhang, Hao and Cohen-Or, Daniel},
 title = {Unsupervised Co-segmentation of a Set of Shapes via Descriptor-space Spectral Clustering},
 journal = {ACM TOG},
 issue_date = {December 2011},
 volume = {30},
 number = {6},
 month = dec,
 year = {2011},
 issn = {0730-0301},
 pages = {126:1--126:10},
 articleno = {126},
 numpages = {10},
 acmid = {2024160},
 publisher = {ACM},
 address = {New York, NY, USA},
 keywords = {co-segmentation, diffusion maps, shape correspondence, spectral clustering},
}
@article {cosegmentationof3dshapesliuligangcgf2012,
author = {Hu, Ruizhen and Fan, Lubin and Liu, Ligang},
title = {Co-Segmentation of {3D} Shapes via Subspace Clustering},
journal = {Comp. Graph. For.},
volume = {31},
number = {5},
pages = {1703--1713},
}
@article{jointshapesegmentationhuangqixingsg2011,
 author = {Huang, Qixing and Koltun, Vladlen and Guibas, Leonidas},
 title = {Joint Shape Segmentation with Linear Programming},
 journal = {ACM TOG},
 volume = {30},
 number = {6},
 year = {2011},
}

@article{SidKaiKleZhaCoh11,
   author = {Oana Sidi and Oliver van Kaick and Yanir Kleiman and Hao Zhang and Daniel Cohen-Or},
   title = {Unsupervised Co-Segmentation of a Set of Shapes via Descriptor-Space Spectral Clustering},
   journal = {ACM TOG},
   volume = {30},
   number = {6},
   year = {2011}
}


@article{hierarchicalmeshdecompositionayellettog2003,
 author = {Katz, Sagi and Tal, Ayellet},
 title = {Hierarchical Mesh Decomposition Using Fuzzy Clustering and Cuts},
 journal = {ACM TOG},
 volume = {22},
 number = {3},
 year = {2003},
}
@article{learning3dmeshsegmentationkalosg2010,
 author = {Kalogerakis, Evangelos and Hertzmann, Aaron and Singh, Karan},
 title = {Learning {3D} Mesh Segmentation and Labeling},
 journal = {ACM TOG},
 volume = {29},
 number = {4},
 year = {2010},
}
@article{materialmemexjaintog2012,
 author = {Jain, Arjun and Thorm\"{a}hlen, Thorsten and Ritschel, Tobias and Seidel, Hans-Peter},
 title = {Material Memex: Automatic Material Suggestions for 3D Objects},
 journal = {ACM TOG},
 issue_date = {November 2012},
 volume = {31},
 number = {6},
 month = nov,
 year = {2012},
 issn = {0730-0301},
 pages = {143:1--143:8},
 articleno = {143},
 numpages = {8},
 acmid = {2366162},
 publisher = {ACM},
 address = {New York, NY, USA},
}
@article{assignmentjames1957,
  title={Algorithms for the assignment and transportation problems},
  author={Munkres, James},
  journal={Journal of the Society for Industrial and Applied Mathematics},
  volume={5},
  number={1},
  pages={32--38},
  year={1957},
  publisher={SIAM}
}
@INPROCEEDINGS{frompartialshapematchingcvpr,
author={Tianyang Ma and Latecki, L.J.},
booktitle={Proc. CVPR},
title={From partial shape matching through local deformation to robust global shape similarity for object detection},
year={2011},
pages={1441--1448},
}
@inproceedings{jiang2013hallucinated,
  title={Hallucinated humans as the hidden context for labeling 3d scenes},
  author={Jiang, Yun and Koppula, Hema and Saxena, Ashutosh},
  booktitle={IEEE Conference on Computer Vision and Pattern Recognition},
  pages={2993--3000},
  year={2013},
  organization={IEEE}
}
@article{randomizedcutsfunkhousertog2008,
 author = {Golovinskiy, Aleksey and Funkhouser, Thomas},
 title = {Randomized Cuts for {3D} Mesh Analysis},
 journal = {ACM TOG},
 volume = {27},
 number = {5},
 year = {2008},
}
@ARTICLE{868688,
author={Shi, J. and Malik, J.},
journal={TPAMI},
title={Normalized cuts and image segmentation},
year={2000},
month={Aug},
volume={22},
number={8},
pages={888-905},
ISSN={0162-8828},
}
@article{Qiu:2013:ECH:2505186.2505213,
 author = {Qiu, Nina and Fan, Ran and You, Lihua and Jin, Xiaogang},
 title = {An Efficient and Collision-free Hole-filling Algorithm for Orthodontics},
 journal = {The Visual Computer},
 issue_date = {June      2013},
 volume = {29},
 number = {6-8},
 month = jun,
 year = {2013},
 issn = {0178-2789},
 pages = {577--586},
 numpages = {10},
 acmid = {2505213},
 publisher = {Springer-Verlag New York, Inc.},
 address = {Secaucus, NJ, USA},
 keywords = {Boundary projection, Constrained Delaunay triangulation, Mean value coordinates, Second-order Laplacian operator},
}
@inproceedings{Igarashi:1999:TSI:311535.311602,
 author = {Igarashi, Takeo and Matsuoka, Satoshi and Tanaka, Hidehiko},
 title = {Teddy: A Sketching Interface for {3D} Freeform Design},
 booktitle = {Proc. SIGGRAPH},
 year = {1999},
 pages = {409--416},
}
@article{plushieigarashitog2007,
 author = {Mori, Yuki and Igarashi, Takeo},
 title = {Plushie: An Interactive Design System for Plush Toys},
 journal = {ACM TOG},
 issue_date = {July 2007},
 volume = {26},
 number = {3},
 month = jul,
 year = {2007},
 issn = {0730-0301},
 articleno = {45},
 acmid = {1276433},
 publisher = {ACM},
 address = {New York, NY, USA},
}
@article{setevolutionxukaisg2012,
 author = {Xu, Kai and Zhang, Hao and Cohen-Or, Daniel and Chen, Baoquan},
 title = {Fit and diverse: set evolution for inspiring {3D} shape galleries},
 journal = {ACM TOG},
 volume = {31},
 number = {4},
 year = {2012},
}
@inproceedings{attribitsidduist2013,
 author = {Chaudhuri, Siddhartha and Kalogerakis, Evangelos and Giguere, Stephen and Funkhouser, Thomas},
 title = {Attribit: content creation with semantic attributes},
 booktitle = {Proceedings of the 26th annual ACM symposium on User interface software and technology},
 series = {UIST '13},
 year = {2013},
 isbn = {978-1-4503-2268-3},
 location = {St. Andrews, Scotland, United Kingdom},
 pages = {193--202},
 numpages = {10},
 acmid = {2502008},
 publisher = {ACM},
 address = {New York, NY, USA},
 keywords = {assembly-based modeling, content creation, exploratory interfaces, high-level attributes, interactive modeling, relative attributes, semantic attributes},
}
@article{Muller:2006:PMB:1141911.1141931,
 author = {M\"{u}ller, Pascal and Wonka, Peter and Haegler, Simon and Ulmer, Andreas and Van Gool, Luc},
 title = {Procedural modeling of buildings},
 journal = {ACM TOG},
 issue_date = {July 2006},
 volume = {25},
 number = {3},
 month = jul,
 year = {2006},
 issn = {0730-0301},
 pages = {614--623},
 numpages = {10},
 acmid = {1141931},
 publisher = {ACM},
 address = {New York, NY, USA},
 keywords = {Chomsky grammars, L-systems, architecture, computer-aided design, procedural modeling},
}

@article{Talton:2011:MPM:1944846.1944851,
 author = {Talton, Jerry O. and Lou, Yu and Lesser, Steve and Duke, Jared and M\v{e}ch, Radom\'{\i}r and Koltun, Vladlen},
 title = {Metropolis Procedural Modeling},
 journal = {ACM TOG},
 issue_date = {April 2011},
 volume = {30},
 number = {2},
 month = apr,
 year = {2011},
 issn = {0730-0301},
 pages = {11:1--11:14},
 articleno = {11},
 numpages = {14},
 acmid = {1944851},
 publisher = {ACM},
 address = {New York, NY, USA},
 keywords = {Markov chain Monte Carlo, Procedural modeling, context-free grammars, geometry synthesis},
}
@article{Whiting:2009:PMS:1618452.1618458,
 author = {Whiting, Emily and Ochsendorf, John and Durand, Fr{\'e}do},
 title = {Procedural modeling of structurally-sound masonry buildings},
 journal = {ACM TOG},
 issue_date = {December 2009},
 volume = {28},
 number = {5},
 month = dec,
 year = {2009},
 issn = {0730-0301},
 pages = {112:1--112:9},
 articleno = {112},
 numpages = {9},
 acmid = {1618458},
 publisher = {ACM},
 address = {New York, NY, USA},
 keywords = {architecture, optimization, physics, procedural modeling, statics, structural stability},
}
@article{Lipp:2008:IVE:1360612.1360701,
 author = {Lipp, Markus and Wonka, Peter and Wimmer, Michael},
 title = {Interactive visual editing of grammars for procedural architecture},
 journal = {ACM TOG},
 issue_date = {August 2008},
 volume = {27},
 number = {3},
 month = aug,
 year = {2008},
 issn = {0730-0301},
 pages = {102:1--102:10},
 articleno = {102},
 numpages = {10},
 acmid = {1360701},
 publisher = {ACM},
 address = {New York, NY, USA},
 keywords = {architectural modeling, procedural modeling, shape grammars, usability},
}
@article{smartvariationszhengyouyieg2013,
AUTHOR = "Youyi Zheng and Daniel Cohen-Or and Niloy J. Mitra",
TITLE = "Smart Variations: Functional Substructures for Part Compatibility",
JOURNAL = "Comp. Graph. For.",
volume = {32},
number = {2pt2},
pages = {195--204},
YEAR = "2013",
numpages = {10},
}
@article {CGF:CGF12044,
author = {Shtof, A. and Agathos, A. and Gingold, Y. and Shamir, A. and Cohen-Or, D.},
title = {Geosemantic Snapping for Sketch-Based Modeling},
journal = {Comp. Graph. For.},
volume = {32},
number = {2pt2},
publisher = {Blackwell Publishing Ltd},
issn = {1467-8659},
pages = {245--253},
year = {2013},
}
@article{Wu:2008:INR:1409060.1409072,
 author = {Wu, Tai-Pang and Sun, Jian and Tang, Chi-Keung and Shum, Heung-Yeung},
 title = {Interactive Normal Reconstruction from a Single Image},
 journal = {ACM TOG},
 issue_date = {December 2008},
 volume = {27},
 number = {5},
 month = dec,
 year = {2008},
 issn = {0730-0301},
 pages = {119:1--119:9},
 articleno = {119},
 numpages = {9},
 acmid = {1409072},
 publisher = {ACM},
 address = {New York, NY, USA},
}
@article {CGF:CGF1185,
author = {De Toledo, Rodrigo and Wang, Bin and L¨¦vy, Bruno},
title = {Geometry Textures and Applications},
journal = {Comp. Graph. For.},
volume = {27},
number = {8},
publisher = {Blackwell Publishing Ltd},
issn = {1467-8659},
pages = {2053--2065},
year = {2008},
}
@article{Mitra:2010:IMA:1778765.1778795,
 author = {Mitra, Niloy J. and Yang, Yong-Liang and Yan, Dong-Ming and Li, Wilmot and Agrawala, Maneesh},
 title = {Illustrating How Mechanical Assemblies Work},
 journal = {ACM TOG},
 issue_date = {July 2010},
 volume = {29},
 number = {4},
 month = jul,
 year = {2010},
 issn = {0730-0301},
 pages = {58:1--58:12},
 articleno = {58},
 numpages = {12},
 acmid = {1778795},
 publisher = {ACM},
 address = {New York, NY, USA},
 keywords = {causal chaining, mechanical assembly, motion depiction, shape analysis, visualization},
}
@article{Zheng:2012:IIC:2185520.2185595,
 author = {Zheng, Youyi and Chen, Xiang and Cheng, Ming-Ming and Zhou, Kun and Hu, Shi-Min and Mitra, Niloy J.},
 title = {Interactive Images: Cuboid Proxies for Smart Image Manipulation},
 journal = {ACM TOG},
 issue_date = {July 2012},
 volume = {31},
 number = {4},
 month = jul,
 year = {2012},
 issn = {0730-0301},
 pages = {99:1--99:11},
 articleno = {99},
 numpages = {11},
 acmid = {2185595},
 publisher = {ACM},
 address = {New York, NY, USA},
 keywords = {coupled optimization, cuboid proxies, image manipulation, non-local relations, scene understanding},
}
@article{Chen:2013:EEO:2508363.2508378,
 author = {Chen, Tao and Zhu, Zhe and Shamir, Ariel and Hu, Shi-Min and Cohen-Or, Daniel},
 title = {3Sweepp: Extracting Editable Objects from a Single Photo},
 journal = {ACM TOG},
 issue_date = {November 2013},
 volume = {32},
 number = {6},
 month = nov,
 year = {2013},
 issn = {0730-0301},
 pages = {195:1--195:10},
 articleno = {195},
 numpages = {10},
 acmid = {2508378},
 publisher = {ACM},
 address = {New York, NY, USA},
 keywords = {interactive modeling, photo manipulation},
}
@article{geometryandcontextlagatog2013,
 author = {Laga, Hamid and Mortara, Michela and Spagnuolo, Michela},
 title = {Geometry and Context for Semantic Correspondences and Functionality Recognition in Man-made 3D Shapes},
 journal = {ACM TOG},
 issue_date = {September 2013},
 volume = {32},
 number = {5},
 month = oct,
 year = {2013},
 issn = {0730-0301},
 pages = {150:1--150:16},
 articleno = {150},
 numpages = {16},
 acmid = {2516975},
 publisher = {ACM},
 address = {New York, NY, USA},
}

@article{cohierarchicalanalysiscohentog2013,
 author = {van Kaick, Oliver and Xu, Kai and Zhang, Hao and Wang, Yanzhen and Sun, Shuyang and Shamir, Ariel and Cohen-Or, Daniel},
 title = {Co-hierarchical Analysis of Shape Structures},
 journal = {ACM TOG},
 issue_date = {July 2013},
 volume = {32},
 number = {4},
 month = jul,
 year = {2013},
 issn = {0730-0301},
 pages = {69:1--69:10},
 articleno = {69},
 numpages = {10},
 acmid = {2461924},
 publisher = {ACM},
 address = {New York, NY, USA},
}
@article{recurringpartzhengeg2014,
  title={Recurring Part Arrangements in Shape Collections},
  author={Zheng, Youyi and Cohen-Or, Daniel and Averkiou, Melinos and Mitra, Niloy J},
  booktitle={Comp. Graph. For.},
  volume={33},
  pages={115--124},
  year={2014}
}
@article{Shn06,
   author = {Ben Shneiderman and et.al},
   title = {Creativity Support Tools: Report From a U.S. National Science Foundation Sponsored Workshop},
   journal = {International Journal of Human-Computer Interaction},
   volume = {20},
   number = {6},
   pages = {61-77},
   year = {2006}
}
@article{patchnetimagehushimintog2013,
 author = {Hu, Shi-Min and Zhang, Fang-Lue and Wang, Miao and Martin, Ralph R. and Wang, Jue},
 title = {PatchNet: A Patch-based Image Representation for Interactive Library-driven Image Editing},
 journal = {ACM TOG},
 issue_date = {November 2013},
 volume = {32},
 number = {6},
 month = nov,
 year = {2013},
 issn = {0730-0301},
 pages = {196:1--196:12},
 articleno = {196},
 numpages = {12},
 acmid = {2508381},
 publisher = {ACM},
 address = {New York, NY, USA},
}
@article{Lindenmayer1968280,
title = "Mathematical models for cellular interactions in development I. Filaments with one-sided inputs ",
journal = "Journal of Theoretical Biology ",
volume = "18",
number = "3",
pages = "280 - 299",
year = "1968",
note = "",
issn = "0022-5193",
author = "Aristid Lindenmayer"
}
@inproceedings{whiting2009procedural,
  title={Procedural modeling of structurally-sound masonry buildings},
  author={Whiting, Emily and Ochsendorf, John and Durand, Fr{\'e}do},
  booktitle={ACM TOG},
  volume={28},
  number={5},
  pages={112},
  year={2009},
  organization={ACM}
}
@ARTICLE{meshcompositionjunconglintvcg2008,
author={Juncong Lin and Xiaogang Jin and Wang, Charlie C. L. and Kin-Chuen Hui},
journal={IEEE TVCG},
title={Mesh Composition on Models with Arbitrary Boundary Topology},
year={2008},
volume={14},
number={3},
pages={653--665},
}
@article{Lin:2010:FDM:1821899.1821929,
 author = {Lin, Juncong and Jin, Xiaogang and Wang, Charlie C. L.},
 title = {Fusion of Disconnected Mesh Components with Branching Shapes},
 journal = {The Visual Computer},
 issue_date = {June 2010},
 volume = {26},
 number = {6-8},
 month = jun,
 year = {2010},
 issn = {0178-2789},
 pages = {1017--1025},
 numpages = {9},
 acmid = {1821929},
 publisher = {Springer-Verlag New York, Inc.},
 address = {Secaucus, NJ, USA},
 keywords = {Branching shape, Connectivity graph, Interactive modeling tool},
}
@ARTICLE{5439907,
author={Yong-Jin Liu and Kam-Lung Lai and Gang Dai and Yuen, M.M.-F.},
journal={IEEE Transactions on Automation Science and Engineering},
title={A Semantic Feature Model in Concurrent Engineering},
year={2010},
month={July},
volume={7},
number={3},
pages={659-665},
keywords={concurrent engineering;knowledge representation;concurrent engineering;data flow;feature transformation;generic integration framework;high quality products;knowledge representation;product lifecycle development;reasoning;semantic feature model;well designed products;Concurrent engineering;knowledge representation;semantic features},
ISSN={1545-5955},}
@inproceedings{meshmixersinghsgtalk2010,
 author = {Schmidt, Ryan and Singh, Karan},
 title = {Meshmixer: An Interface for Rapid Mesh Composition},
 booktitle = {SIGGRAPH 2010 Talks},
 year = {2010},
}
@article{Baran:2007:ARA:1276377.1276467,
 author = {Baran, Ilya and Popovi\'{c}, Jovan},
 title = {Automatic Rigging and Animation of 3D Characters},
 journal = {ACM TOG},
 issue_date = {July 2007},
 volume = {26},
 number = {3},
 month = jul,
 year = {2007},
 issn = {0730-0301},
 articleno = {72},
 acmid = {1276467},
 publisher = {ACM},
 address = {New York, NY, USA},
 keywords = {animation, deformations, geometric modeling},
}
@article {CGF:CGF12311,
author = {Dobo\v{s}, Jozef and Mitra, Niloy J. and Steed, Anthony},
title = {3D Timeline: Reverse engineering of a part-based provenance from consecutive 3D models},
journal = {Comp. Graph. For.},
volume = {33},
number = {2},
issn = {1467-8659},
pages = {135--144},
year = {2014},
}
@article{Denning:2013:MDM:2461912.2461942,
 author = {Denning, Jonathan D. and Pellacini, Fabio},
 title = {MeshGit: Diffing and Merging Meshes for Polygonal Modeling},
 journal = {ACM TOG},
 issue_date = {July 2013},
 volume = {32},
 number = {4},
 month = jul,
 year = {2013},
 issn = {0730-0301},
 pages = {35:1--35:10},
 articleno = {35},
 numpages = {10},
 acmid = {2461942},
 publisher = {ACM},
 address = {New York, NY, USA},
 keywords = {diff and merge, geometry, polygonal modeling, visualization},
}
@inproceedings{Dobos:2012:RCF:2338714.2338736,
 author = {Dobo\v{s}, Jozef and Steed, Anthony},
 title = {3D Revision Control Framework},
 booktitle = {Proceedings of the 17th International Conference on 3D Web Technology},
 series = {Web3D '12},
 year = {2012},
 isbn = {978-1-4503-1432-9},
 location = {Los Angeles, California},
 pages = {121--129},
 numpages = {9},
 acmid = {2338736},
 publisher = {ACM},
 address = {New York, NY, USA},
 keywords = {3D database, Java liveconnect, NoSQL, WebGL client, revision history, version tracking},
}
@article{activecoanalysiscohentog2012,
 author = {Wang, Yunhai and Asafi, Shmulik and van Kaick, Oliver and Zhang, Hao and Cohen-Or, Daniel and Chen, Baoquan},
 title = {Active Co-analysis of a Set of Shapes},
 journal = {ACM TOG},
 issue_date = {November 2012},
 volume = {31},
 number = {6},
 month = nov,
 year = {2012},
 issn = {0730-0301},
 pages = {165:1--165:10},
 articleno = {165},
 numpages = {10},
 acmid = {2366184},
 publisher = {ACM},
 address = {New York, NY, USA},
 keywords = {active learning, semi-supervised learning},
}
@article{qualitativeorganizationcohentog2013,
 author = {Huang, Shi-Sheng and Shamir, Ariel and Shen, Chao-Hui and Zhang, Hao and Sheffer, Alla and Hu, Shi-Min and Cohen-Or, Daniel},
 title = {Qualitative Organization of Collections of Shapes via Quartet Analysis},
 journal = {ACM TOG},
 issue_date = {July 2013},
 volume = {32},
 number = {4},
 month = jul,
 year = {2013},
 issn = {0730-0301},
 pages = {71:1--71:10},
 articleno = {71},
 numpages = {10},
 acmid = {2461954},
 publisher = {ACM},
 address = {New York, NY, USA},
 keywords = {clustering, organization, shape collections},
}
@inproceedings{Dobos:2012:DIA:2407746.2407766,
 author = {Dobo\v{s}, Jozef and Steed, Anthony},
 title = {3D Diff: An Interactive Approach to Mesh Differencing and Conflict Resolution},
 booktitle = {SIGGRAPH Asia 2012 Technical Briefs},
 series = {SA '12},
 year = {2012},
 isbn = {978-1-4503-1915-7},
 location = {Singapore, Singapore},
 pages = {20:1--20:4},
 articleno = {20},
 numpages = {4},
 acmid = {2407766},
 publisher = {ACM},
 address = {New York, NY, USA},
 keywords = {3D Diff, conflict resolution, indirect conflict, merging},
}
@article{Chen:2011:NRC:2010324.1965000,
 author = {Chen, Hsiang-Ting and Wei, Li-Yi and Chang, Chun-Fa},
 title = {Nonlinear Revision Control for Images},
 journal = {ACM TOG},
 issue_date = {July 2011},
 volume = {30},
 number = {4},
 month = jul,
 year = {2011},
 issn = {0730-0301},
 pages = {105:1--105:10},
 articleno = {105},
 numpages = {10},
 acmid = {1965000},
 publisher = {ACM},
 address = {New York, NY, USA},
 keywords = {images, interaction, nonlinear editing, revision control},
}
@article{shape2posefunkhousertog2014,
  author = "Vladimir G. Kim and Siddhartha Chaudhuri and Leonidas Guibas and
    Thomas Funkhouser",
  title = "Shape2Pose: Human-Centric Shape Analysis ",
  journal = "ACM TOG",
  year = "2014",
  month = aug
}
@inproceedings{grabner2011makes,
  title={What makes a chair a chair?},
  author={Grabner, Helmut and Gall, Juergen and Van Gool, Luc},
  booktitle={IEEE Conference on Computer Vision and Pattern Recognition},
  pages={1529--1536},
  year={2011},
  organization={IEEE}
}
@incollection{varadarajan2013afnet,
  title={AfNet: the affordance network},
  author={Varadarajan, Karthik Mahesh and Vincze, Markus},
  booktitle={Computer Vision--ACCV 2012},
  pages={512--523},
  year={2013},
  publisher={Springer}
}
@article{Nealen:2007:FDF:1276377.1276429,
 author = {Nealen, Andrew and Igarashi, Takeo and Sorkine, Olga and Alexa, Marc},
 title = {FiberMesh: Designing Freeform Surfaces with 3D Curves},
 journal = {ACM TOG},
 issue_date = {July 2007},
 volume = {26},
 number = {3},
 month = jul,
 year = {2007},
 issn = {0730-0301},
 pages = {41},
 articleno = {41},
 acmid = {1276429},
 publisher = {ACM},
 address = {New York, NY, USA},
 keywords = {deformations, differential representations, fair surface design, sketch based interfaces and modeling, sketching},
}
@article{Nealen:2005:SID:1073204.1073324,
 author = {Nealen, Andrew and Sorkine, Olga and Alexa, Marc and Cohen-Or, Daniel},
 title = {A Sketch-based Interface for Detail-preserving Mesh Editing},
 journal = {ACM TOG},
 issue_date = {July 2005},
 volume = {24},
 number = {3},
 month = jul,
 year = {2005},
 issn = {0730-0301},
 pages = {1142--1147},
 numpages = {6},
 acmid = {1073324},
 publisher = {ACM},
 address = {New York, NY, USA},
 keywords = {Laplacian surface editing, deformations, differential geometry, sketch based model editing, sketching},
}
@article{Karpenko:2006:SFS:1141911.1141928,
 author = {Karpenko, Olga A. and Hughes, John F.},
 title = {SmoothSketch: 3D Free-form Shapes from Complex Sketches},
 journal = {ACM TOG},
 issue_date = {July 2006},
 volume = {25},
 number = {3},
 month = jul,
 year = {2006},
 issn = {0730-0301},
 pages = {589--598},
 numpages = {10},
 acmid = {1141928},
 publisher = {ACM},
 address = {New York, NY, USA},
}
@inproceedings{Bae:2008:IAS:1449715.1449740,
 author = {Bae, Seok-Hyung and Balakrishnan, Ravin and Singh, Karan},
 title = {ILoveSketch: As-natural-as-possible Sketching System for Creating 3D Curve Models},
 booktitle = {Proceedings of the 21st Annual ACM Symposium on User Interface Software and Technology},
 series = {UIST '08},
 year = {2008},
 isbn = {978-1-59593-975-3},
 location = {Monterey, CA, USA},
 pages = {151--160},
 numpages = {10},
 acmid = {1449740},
 publisher = {ACM},
 address = {New York, NY, USA},
}
@article{asurveyofcontentbasedtangeldermultimedia2008,
 author = {Tangelder, Johan W. and Veltkamp, Remco C.},
 title = {A Survey of Content Based {3D} Shape Retrieval Methods},
 journal = {Multimedia Tools and Appl.},
 volume = {39},
 number = {3},
 year = {2008},
 pages = {441--471},
}
@article{projectiveanalysiscohentog2013,
 author = {Wang, Yunhai and Gong, Minglun and Wang, Tianhua and Cohen-Or, Daniel and Zhang, Hao and Chen, Baoquan},
 title = {Projective Analysis for 3D Shape Segmentation},
 journal = {ACM TOG},
 issue_date = {November 2013},
 volume = {32},
 number = {6},
 month = nov,
 year = {2013},
 issn = {0730-0301},
 pages = {192:1--192:12},
 articleno = {192},
 numpages = {12},
 acmid = {2508393},
 publisher = {ACM},
 address = {New York, NY, USA},
}
@article{generalizinglocomotionstylewamplertog2014,
 author = {Wampler, Kevin and Popovi\'{c}, Zoran and Popovi\'{c}, Jovan},
 title = {Generalizing Locomotion Style to New Animals with Inverse Optimal Regression},
 journal = {ACM TOG},
 issue_date = {July 2014},
 volume = {33},
 number = {4},
 month = jul,
 year = {2014},
 issn = {0730-0301},
 pages = {49:1--49:11},
 articleno = {49},
 numpages = {11},
 acmid = {2601192},
 publisher = {ACM},
 address = {New York, NY, USA},
 keywords = {character animation, locomotion, optimization},
}
@article{mindthegaphuanghuitog2013,
 author = {Huang, Hui and Yin, Kangxue and Gong, Minglun and Lischinski, Dani and Cohen-Or, Daniel and Ascher, Uri and Chen, Baoquan},
 title = {"Mind the Gap": Tele-registration for Structure-driven Image Completion},
 journal = {ACM TOG},
 issue_date = {November 2013},
 volume = {32},
 number = {6},
 month = nov,
 year = {2013},
 issn = {0730-0301},
 pages = {174:1--174:10},
 articleno = {174},
 numpages = {10},
 acmid = {2508373},
 publisher = {ACM},
 address = {New York, NY, USA},
}
@article{Jin:2006:MFU:1124758.1124762,
 author = {Jin, Xiaogang and Lin, Juncong and Wang, Charlie C. L. and Feng, Jieqing and Sun, Hanqiu},
 title = {Mesh Fusion Using Functional Blending on Topologically Incompatible Sections},
 journal = {The Visual Computer},
 issue_date = {April 2006},
 volume = {22},
 number = {4},
 month = apr,
 year = {2006},
 issn = {0178-2789},
 pages = {266--275},
 numpages = {10},
 acmid = {1124762},
 publisher = {Springer-Verlag New York, Inc.},
 address = {Secaucus, NJ, USA},
 keywords = {Functional blending, Interactive modeling tool, Mesh fusion},
}
@inproceedings{Lin:2006:SBM:2100361.2100370,
 author = {Lin, Juncong and Jin, Xiaogang and Wang, Charlie C. L.},
 title = {Sketch Based Mesh Fusion},
 booktitle = {Proceedings of the 24th International Conference on Advances in Computer Graphics},
 series = {CGI'06},
 year = {2006},
 isbn = {3-540-35638-X, 978-3-540-35638-7},
 location = {Hangzhou, China},
 pages = {90--101},
 numpages = {12},
 acmid = {2100370},
 publisher = {Springer-Verlag},
 address = {Berlin, Heidelberg},
}
@ARTICLE{5539758,
author={Wang, Charlie C L},
journal={IEEE Transactions on Visualization and Computer Graphics},
title={Approximate Boolean Operations on Large Polyhedral Solids with Partial Mesh Reconstruction},
year={2011},
month={June},
volume={17},
number={6},
pages={836-849},
keywords={Boolean algebra;approximation theory;mesh generation;pattern classification;Boolean operation approximation;LDI sampling-based membership classification;freeform polygonal mesh solids;large polyhedral solids;layered depth images;partial mesh reconstruction;trimmed adaptive contouring algorithm;volumetric representation;Arithmetic;Geometry;Image reconstruction;Image sampling;Robustness;Shape;Solid modeling;Surface reconstruction;Topology;Boolean operations;Layered Depth Images.;approximation;free-form solids;robust},
ISSN={1077-2626},}
@ARTICLE{6185541,
author={Wang, Charlie C L and Manocha, D.},
journal={IEEE Transactions on Visualization and Computer Graphics},
title={Efficient Boundary Extraction of BSP Solids Based on Clipping Operations},
year={2013},
month={Jan},
volume={19},
number={1},
pages={16-29},
keywords={Boolean algebra;mesh generation;solid modelling;trees (mathematics);B-rep approximation;BSP solids;Boolean operations;binary space partition tree;clipping algorithm;clipping operations;efficient boundary extraction;finite precision arithmetic;floating point arithmetic;geometric processing;logical operations;manifold surface;mesh reconstruction;model repair;point based representations;polygonization algorithm;polygonization method;spatial convex partition;volumetric cells;Computational modeling;Face;Octrees;Robustness;Solid modeling;Solids;Topology;B-rep approximation;BSP solids;BSP to B-rep conversion;Boolean algebra;Boolean operations;Computational modeling;Face;Octrees;Robustness;Solid modeling;Solids;Topology;approximation;binary space partition tree;clipping;clipping algorithm;clipping operations;efficient;efficient boundary extraction;finite precision arithmetic;floating point arithmetic;geometric processing;logical operations;manifold surface;mesh generation;mesh reconstruction;model repair;point based representations;polygonization algorithm;polygonization method;solid modeling;solid modelling;spatial convex partition;trees (mathematics);volumetric cells},
ISSN={1077-2626},}
@article{wang2013thickening,
  title={Thickening freeform surfaces for solid fabrication},
  author={Wang, Charlie C L and Chen, Yong},
  journal={Rapid Prototyping Journal},
  volume={19},
  number={6},
  pages={395--406},
  year={2013},
  publisher={Emerald Group Publishing Limited}
}
@inproceedings{hohmann2009cityfit,
  title={CityFit: High-quality urban reconstructions by fitting shape grammars to images and derived textured point clouds},
  author={Hohmann, Bernhard and Krispel, Ulrich and Havemann, Sven and Fellner, Dieter},
  booktitle={Proceedings of the 3rd ISPRS Workshop},
  year={2009},
  organization={Citeseer}
}
@article{Wonka:2003:IA:882262.882324,
 author = {Wonka, Peter and Wimmer, Michael and Sillion, Fran\c{c}ois and Ribarsky, William},
 title = {Instant architecture},
 journal = {ACM TOG},
 issue_date = {July 2003},
 volume = {22},
 number = {3},
 month = jul,
 year = {2003},
 issn = {0730-0301},
 pages = {669--677},
 numpages = {9},
 acmid = {882324},
 publisher = {ACM},
 address = {New York, NY, USA},
 keywords = {architecture, building design, grammars, modeling},
}
@inproceedings{Parish:2001:PMC:383259.383292,
 author = {Parish, Yoav I. H. and M\"{u}ller, Pascal},
 title = {Procedural modeling of cities},
 booktitle = {Proceedings of the 28th annual conference on Computer graphics and interactive techniques},
 series = {SIGGRAPH '01},
 year = {2001},
 isbn = {1-58113-374-X},
 pages = {301--308},
 numpages = {8},
 acmid = {383292},
 publisher = {ACM},
 address = {New York, NY, USA},
 keywords = {L-system, architecture, developmental models, modeling, software design, urban development},
}
@book{Prusinkiewicz:1996:ABP:235579,
 author = {Prusinkiewicz, Przemyslaw and Lindenmayer, Aristid},
 title = {The algorithmic beauty of plants},
 year = {1996},
 isbn = {0-387-94676-4},
 publisher = {Springer-Verlag New York, Inc.},
 address = {New York, NY, USA},
}
@INPROCEEDINGS{Stiny71shapegrammars,
    author = {George Stiny and James Gips and George Stiny and James Gips},
    title = {Shape Grammars and the Generative Specification of Painting and Sculpture},
    booktitle = {Segmentation of Buildings for 3DGeneralisation. In: Proceedings of the Workshop on generalisation and multiple representation , Leicester},
    year = {1971}
}
@inproceedings{Sun:2013:MIF:2470654.2470689,
 author = {Sun, Qian and Lin, Juncong and Fu, Chi-Wing and Kaijima, Sawako and He, Ying},
 title = {A Multi-touch Interface for Fast Architectural Sketching and Massing},
 booktitle = {Proceedings of the SIGCHI Conference on Human Factors in Computing Systems},
 series = {CHI '13},
 year = {2013},
 isbn = {978-1-4503-1899-0},
 location = {Paris, France},
 pages = {247--256},
 numpages = {10},
 url = {http://doi.acm.org/10.1145/2470654.2470689},
 doi = {10.1145/2470654.2470689},
 acmid = {2470689},
 publisher = {ACM},
 address = {New York, NY, USA},
 keywords = {building design, massing, multi-touch, sketching},
}
@inproceedings{Kin:2011:EPM:1978942.1979141,
 author = {Kin, Kenrick and Miller, Tom and Bollensdorff, Bj\"{o}rn and DeRose, Tony and Hartmann, Bj\"{o}rn and Agrawala, Maneesh},
 title = {Eden: A Professional Multitouch Tool for Constructing Virtual Organic Environments},
 booktitle = {Proceedings of the SIGCHI Conference on Human Factors in Computing Systems},
 series = {CHI '11},
 year = {2011},
 isbn = {978-1-4503-0228-9},
 location = {Vancouver, BC, Canada},
 pages = {1343--1352},
 numpages = {10},
 url = {http://doi.acm.org/10.1145/1978942.1979141},
 doi = {10.1145/1978942.1979141},
 acmid = {1979141},
 publisher = {ACM},
 address = {New York, NY, USA},
 keywords = {Eden, camera control, gesture design, gestures, multitouch, object manipulation, set construction},
}
@article {CGF:CGF1428,
author = {Karnick, P. and Jeschke, S. and Cline, D. and Razdan, A. and Wentz, E. and Wonka, P.},
title = {A Shape Grammar for Developing Glyph-based Visualizations},
journal = {Comp. Graph. For.},
volume = {28},
number = {8},
publisher = {Blackwell Publishing Ltd},
issn = {1467-8659},
pages = {2176--2188},
keywords = {procedural modelling, geospatial visualization, glyph-based modelling},
keywords = {I.3.2 [Computer Graphics]: Graphics Systems, I.3.4 [Computer Graphics]: Graphics Utilities},
year = {2009},
}
@inproceedings{Wong:1998:CFO:280814.280948,
 author = {Wong, Michael T. and Zongker, Douglas E. and Salesin, David H.},
 title = {Computer-generated Floral Ornament},
 booktitle = {Proceedings of the 25th Annual Conference on Computer Graphics and Interactive Techniques},
 series = {SIGGRAPH '98},
 year = {1998},
 isbn = {0-89791-999-8},
 pages = {423--434},
 numpages = {12},
 acmid = {280948},
 publisher = {ACM},
 address = {New York, NY, USA},
 keywords = {adaptive clip art, conventionalization, ornamentation, pattern generation, plant development, texture generation},
}
@ARTICLE{5342380,
author={Yong-Jin Liu and Cui-Xia Ma and Dong-Liang Zhang},
journal={IEEE Transactions on Visualization and Computer Graphics},
title={EasyToy: Plush Toy Design Using Editable Sketching Curves},
year={2011},
month={March},
volume={31},
number={2},
pages={49-57},
ISSN={0272-1716},
}
@book{cormen2001introduction,
  title={Introduction to algorithms},
  author={Cormen, Thomas H and Leiserson, Charles E and Rivest, Ronald L and Stein, Clifford and others},
  volume={2},
  year={2001},
  publisher={MIT press Cambridge}
}

@inproceedings{IgarashiMT99,
  author    = {Takeo Igarashi and
               Satoshi Matsuoka and
               Hidehiko Tanaka},
  title     = {Teddy: A Sketching Interface for {3D} Freeform Design},
  booktitle = {Proc. SIGGRAPH},
  pages     = {409--416},
  year      = {1999},
}

@inproceedings{Igarashi2007courses,
  author    = {Takeo Igarashi and
               Satoshi Matsuoka and
               Hidehiko Tanaka},
  title     = {Teddy: {A} sketching interface for {3D} freeform design},
  booktitle = {SIGGRAPH Courses},
  pages     = {21},
  year      = {2007},
  crossref  = {DBLP:conf/siggraph/2007courses},
  url       = {http://doi.acm.org/10.1145/1281500.1281532},
  doi       = {10.1145/1281500.1281532},
}

@inproceedings{LeeExampleGalleries2010,
  title = {Designing with Interactive Example Galleries},
  author = {Brian Lee and Savil Srivastava and Ranjitha Kumar and Ronen Brafman and Scott R. Klemmer},
  booktitle = {Proc. CHI},
  year = {2010},
}

@inproceedings{AverkiouShapeSynth2014,
  AUTHOR = "Melinos Averkiou and Vladimir Kim and Youyi Zheng and Niloy J. Mitra",
  TITLE = "{ShapeSynth}: Parameterizing Model Collections for Coupled Shape Exploration and Synthesis",
  booktitle = "Proc. Eurographics",
  YEAR = "2014",
}

@book{DeckerChildren1988,
  title={Children: The Early Years},
  author={Decker, Celia Anita},
  year={1988},
  publisher={Goodheart-Willcox}
}

@article{FanMeshCutting2012,
  title = {Sketch-based mesh cutting: a comparative study},
  author = {Lubin Fan and Min Meng and Ligang Liu},
  journal = {Graphical Models},
  volume = {74},
  number = {6},
  pages = {292--301},
  year = {2012}
}
